@book{silver1998,
  title={Inventory management and production planning and scheduling},
  author={Silver, Edward Allen and Pyke, David F and Peterson, Rein and others},
  volume={3},
  year={1998},
  publisher={Wiley New York}
} 
 
 @book{Scarf1958,
  author = {H. Scarf},
  title = {A min-max solution of an inventory problem},
  publisher = {Stanford University Press},
  year = {1958},
  series = {Studies in The Mathematical Theory of Inventory and Production},
}

@article{Scarf1959,
  author = 	{Herbert Scarf},
  title = {The Optimality of (S,s) Policies in the Dynamic Inventory Problem},
  journal = {Mathematical Methods in the Social Sciences},
  year = {1959},
}

@article {Nahmias1973,
  author = {Nahmias, Steven and Pierskalla, William P.},
  title = {Optimal ordering policies for a product that perishes in two periods subject to stochastic demand},
  journal = {Naval Research Logistics Quarterly},
  volume = {20},
  number = {2},
  publisher = {Wiley Subscription Services, Inc., A Wiley Company},
  issn = {1931-9193},
  url = {http://dx.doi.org/10.1002/nav.3800200202},
  doi = {10.1002/nav.3800200202},
  pages = {207--229},
  year = {1973},
}

@article{Nahmias1975,
  author = {Steven Nahmias},
  title = {Optimal Ordering Policies for Perishable Inventoryâ€”II},
  journal = {Operations Research},
  volume = {23},
  number = {4},
  pages = {735-749},
  year = {1975},
  doi = {10.1287/opre.23.4.735},
  URL = {http://dx.doi.org/10.1287/opre.23.4.735},
}

@article{nahmias1978,
  title = {The fixed-charge perishable inventory problem},
  author = {Nahmias, Steven},
  journal = {Operations Research},
  volume = {26},
  number = {3},
  pages = {464--481},
  year = {1978},
  publisher = {INFORMS}
}

@article{minner2010periodic,
  title = {Periodic review inventory-control for perishable products under service-level constraints},
  author = {Minner, Stefan and Transchel, Sandra},
  journal = {OR spectrum},
  volume = {32},
  number = {4},
  pages = {979--996},
  year = {2010},
  publisher = {Springer}
}

@article{Edgeworth,
  author = 	{F.Y. Edgeworth},
  title = {The Mathematical Theory of Banking},
  journal = {Journal of the Royal Statistical Society},
  year = {1888},
}

@article{Khouja1999537,
  title = {The single-period (news-vendor) problem: literature review and suggestions for future research},
  journal = {Omega},
  volume = {27},
  number = {5},
  pages = {537--553},
  year = {1999},
  issn = {0305-0483},
  doi = {http://dx.doi.org/10.1016/S0305-0483(99)00017-1},
  url = {http://www.sciencedirect.com/science/article/pii/S0305048399000171},
  author = {Moutaz Khouja},
}

@article{beutel2012safety,
  title = {Safety stock planning under causal demand forecasting},
  author = {Beutel, Anna-Lena and Minner, Stefan},
  journal = {International Journal of Production Economics},
  volume = {140},
  number = {2},
  pages = {637--645},
  year = {2012},
  publisher = {Elsevier}
}

@article{ban2019big,
  title = {The big data newsvendor: Practical insights from machine learning},
  author = {Ban, Gah-Yi and Rudin, Cynthia},
  journal = {Operations Research},
  volume = {67},
  number = {1},
  pages = {90--108},
  year = {2019},
  publisher = {INFORMS}
}

@article{bertsimas2020predictive,
  title = {From predictive to prescriptive analytics},
  author = {Bertsimas, Dimitris and Kallus, Nathan},
  journal = {Management Science},
  volume = {66},
  number = {3},
  pages = {1025--1044},
  year = {2020},
  publisher = {INFORMS}
}

@article{oroojlooyjadid2020applying,
  title = {Applying deep learning to the newsvendor problem},
  author = {Oroojlooyjadid, Afshin and Snyder, Lawrence V and Tak{\'a}{\v{c}}, Martin},
  journal = {IISE Transactions},
  volume = {52},
  number = {4},
  pages = {444--463},
  year = {2020},
  publisher = {Taylor \& Francis}
}

@article{huber2019data,
  title = {A data-driven newsvendor problem: From data to decision},
  author = {Huber, Jakob and M{\"u}ller, Sebastian and Fleischmann, Moritz and Stuckenschmidt, Heiner},
  journal = {European Journal of Operational Research},
  volume = {278},
  number = {3},
  pages = {904--915},
  year = {2019},
  publisher = {Elsevier}
}

@book{PearlCausality,
  author = {Judea Pearl},
  title = {Causality: Models, Reasoning and Inference},
  publisher = {Cambridge University Press},
  edition = {2},
  year = 2009,
  isbn = {978-0521895606}
}

@article{rubin1974estimating,
  title = {Estimating causal effects of treatments in randomized and nonrandomized studies},
  author = {Rubin, Donald B},
  journal = {Journal of educational Psychology},
  volume = {66},
  number = {5},
  pages = {688--701},
  year = {1974},
  publisher = {American Psychological Association}
}

@book{shapiro2014,
  title = {Lectures on stochastic programming: modeling and theory},
  author = {Shapiro, Alexander and Dentcheva, Darinka and Ruszczy{\'n}ski, Andrzej},
  year = {2014},
  publisher = {SIAM}
}

@article{alwan2016,
  author = {Alwan, Layth C. and Xu, Minghui and Yao, Dong-Qing and Yue, Xiaohang},
  title = {The Dynamic Newsvendor Model with Correlated Demand},
  journal = {Decision Sciences},
  volume = {47},
  number = {1},
  pages = {11--30},
  doi = {10.1111/deci.12171},
  url = {https://onlinelibrary.wiley.com/doi/abs/10.1111/deci.12171},
  year = {2016}
}

@book{BoxJenkins,
  author = {George E. P. Box and Gwilym M. Jenkins and Gregory C. Reinsel and Greta M. Ljungl},
  title = {Time Series Analysis: Forecasting and Control},
  publisher = {Wiley},
  edition = {5},
  year = {2015},
  isbn = {978-1-118-67502-1}
}

@article{ExponentialSmoothing,
  author = {E. S. {Gardner}},
  title = {Exponential smoothing: the state of the art},
  journal = {Journal of Forecasting},
  volume = {4},
  year = {1985},
  pages = {1--28}
}

@article{StructuralTS,
  author = {A. {Harvey} and S. {Peters}},
  title = {Estimation procedures for structural time series models},
  journal = {Journal of Forecasting},
  volume = {9},
  year = {1990},
  pages = {89--108}
}

@article{saghafian2016newsvendor,
  title = {The newsvendor under demand ambiguity: Combining data with moment and tail information},
  author = {Saghafian, Soroush and Tomlin, Brian},
  journal = {Operations Research},
  volume = {64},
  number = {1},
  pages = {167--185},
  year = {2016},
  publisher = {INFORMS}
}

@article{tsforecasting,
  author = { Nesreen K. Ahmed and Amir F.  Atiya and Neamat El Gayar and Hisham El-Shishiny},
  title = {An Empirical Comparison of Machine Learning Models for Time Series Forecasting},
  journal = {Econometric Reviews},
  volume = {29},
  number = {5-6},
  pages = {594--621},
  year  = {2010},
  publisher = {Taylor & Francis},
  doi = {10.1080/07474938.2010.481556},
  URL = {https://doi.org/10.1080/07474938.2010.481556},
}

@article{ZHANG199835,
  title = {Forecasting with artificial neural networks:: The state of the art},
  journal = {International Journal of Forecasting},
  volume = {14},
  number = {1},
  pages = {35--62},
  year = {1998},
  issn = {0169-2070},
  doi = {https://doi.org/10.1016/S0169-2070(97)00044-7},
  url = {http://www.sciencedirect.com/science/article/pii/S0169207097000447},
  author = {Guoqiang Zhang and B. {Eddy Patuwo} and Michael {Y. Hu}},
}

@article{rnn,
  author = {D. {Rumelhart} and G. {Hinton} and R. {Williams}},
  title = {Learning representations by back-propagating errors},
  journal = {Nature},
  volume = {323},
  year = {1986},
  pages = {533--536},
  doi = {10.1038/323533a0}
}

@incollection{transformer,
  title = {Attention is All you Need},
  author = {Vaswani, Ashish and Shazeer, Noam and Parmar, Niki and Uszkoreit, Jakob and Jones, Llion and Gomez, Aidan N and Kaiser, \L ukasz and Polosukhin, Illia},
  booktitle = {Advances in Neural Information Processing Systems 30},
  editor = {I. Guyon and U. V. Luxburg and S. Bengio and H. Wallach and R. Fergus and S. Vishwanathan and R. Garnett},
  pages = {5998--6008},
  year = {2017},
  publisher = {Curran Associates, Inc.},
  url = {http://papers.nips.cc/paper/7181-attention-is-all-you-need.pdf}
}

@article{koenker2001,
  title = {Quantile regression},
  author = {Koenker, Roger and Hallock, Kevin F},
  journal = {Journal of economic perspectives},
  volume = {15},
  number = {4},
  pages = {143--156},
  year = {2001}
}

@article{wen2017,
  author = {Wen, Ruofeng and Torkkola, Kari and Narayanaswamy, Balakrishnan and Madeka, Dhruv},
  year = {2017},
  month = {11},
  title = {A Multi-Horizon Quantile Recurrent Forecaster},
  journal={arXiv: Machine Learning},
}

@article{Feindt2006190,
  title = {The NeuroBayes neural network package},
  author = {M. Feindt and U. Kerzel},
  journal = {NIM A},
  volume = {559},
  number = {1},
  pages = {190--194},
  year = {2006},
  url = {http://www.sciencedirect.com/science/article/pii/S0168900205022679},
}

@unpublished{astonpr373,
  type = {Technical Report},
  title = {Mixture density networks},
  author = {Christopher M. Bishop},
  address = {Birmingham},
  publisher = {Aston University},
  year = {1994},
  note = {\url{http://publications.aston.ac.uk/id/eprint/373/}}
}

@article{SALINAS20201181,
  title = {DeepAR: Probabilistic forecasting with autoregressive recurrent networks},
  journal = {International Journal of Forecasting},
  volume = {36},
  number = {3},
  pages = {1181--1191},
  year = {2020},
  issn = {0169-2070},
  doi = {https://doi.org/10.1016/j.ijforecast.2019.07.001},
  url = {http://www.sciencedirect.com/science/article/pii/S0169207019301888},
  author = {David Salinas and Valentin Flunkert and Jan Gasthaus and Tim Januschowski},
}

@article{adan1995,
  title = {Fitting discrete distributions on the first two moments},
  author = {Adan, Ivo and van Eenige, Michel and Resing, Jacques},
  journal = {Probability in the engineering and informational sciences},
  volume = {9},
  number = {4},
  pages = {623--632},
  year = {1995},
  publisher = {Cambridge University Press}
}

@article{Ehrenberg1959,
  author = {A. S. C. Ehrenberg},
  journal = {Journal of the Royal Statistical Society Series C},
  number = {1},
  pages = {26--41},
  title = {The Pattern of Consumer Purchases},
  url = {http://search.ebscohost.com.pxz.iubh.de:8080/login.aspx?direct=true&db=edsrep&AN=edsrep.a.bla.jorssc.v8y1959i1p26.41&site=eds-live&scope=site},
  year = {1959},
}

@Article{Ehrenberg1967,
  author =  {G. J. Goodhardt and A.S.C. Ehrenberg},
  title = {Conditional Trend Analysis: A Breakdown by Initial Purchasing Level},
  journal = {Journal of Marketing Research},
  year = {1967},
  volume = {4},
  pages = 	{155--161},
  month = 	{5},
}

@book{Ehrenberg1972,
  author = {A.S.C. Ehrenberg},
  publisher = {North-Holland Pub. Co.},
  title = {Repeat-buying; theory and applications.},
  year = {1972},
}

@article{Chatfield1973,
 ISSN = {01621459},
 URL = {http://www.jstor.org/stable/2284508},
 author = {C. Chatfield and G. J. Goodhardt},
 journal = {Journal of the American Statistical Association},
 number = {344},
 pages = {828--835},
 publisher = {[American Statistical Association, Taylor & Francis, Ltd.]},
 title = {A Consumer Purchasing Model with Erlang Inter-Purchase Time},
 volume = {68},
 year = {1973}
}

@article{Schmittlein_1985,
  author = {David C. Schmittlein and Albert C. Bemmaor and Donald G. Morrison},
  title = {Technical Note - Why Does the NBD Model Work? Robustness in Representing Product Purchases, Brand Purchases and Imperfectly Recorded Purchases},
  journal = {Marketing Science},
  volume = {4},
  number = {3},
  pages = {255--266},
  year = {1985},
  doi = {10.1287/mksc.4.3.255},
  url = {http://dx.doi.org/10.1287/mksc.4.3.255},
}

 @inproceedings{Wick2019,
  doi = {10.1109/icmla.2019.00067},
  url = {https://doi.org/10.1109/icmla.2019.00067},
  year = {2019},
  month = {12},
  publisher = {{IEEE}},
  author = {Felix Wick and Ulrich Kerzel and Michael Feindt},
  title = {Cyclic Boosting - An Explainable Supervised Machine Learning Algorithm},
  booktitle = {2019 18th {IEEE} International Conference On Machine Learning And Applications ({ICMLA})},
  pages = {358--363}
}

@book{hilbe2011negative,
  author = {Hilbe, Joseph},
  title = {Negative binomial regression},
  publisher = {Cambridge University Press},
  year = {2011},
  address = {Cambridge, UK New York},
  isbn = {978-0-521-19815-8}
}
 
 @article{Angus1994,
  issn = {00361445},
  url = {http://www.jstor.org/stable/2132726},
  author = {John E. Angus},
  journal = {SIAM Review},
  number = {4},
  pages = {652--654},
  publisher = {Society for Industrial and Applied Mathematics},
  title = {The Probability Integral Transform and Related Results},
  volume = {36},
  year = {1994}
}

@book{casella2002statistical,
  author = {Casella, George},
  title = {Statistical inference},
  publisher = {Duxbury/Thomson Learning},
  year = {2002},
  address = {Pacific Grove, Calif},
  isbn = {9788131503942}
}
 
@inproceedings{diebold1998vevaluating,
  title = {Evaluating Density Forecasts with Applications to Financial Risk Management},
  journal = {International Economic Review},
  volume = {39},
  author = {Diebold, Francis X and Gunther, Todd A and Tay, Anthony S},
  booktitle = {Symposium on Forecasting and Empirical Methods in Macroeconomics and Finance},
  pages = {863--883},
  year = {1998}
}
 
 @article{olkin1982,
  author = {Olkin, I. and Pukelsheim, F.},
  journal = {Linear Algebra Appl.},
  pages = {257--263},
  title = {The distance between two random vectors with given dispersion matrices},
  volume = {48},
  year = {1982}
}

@article{kullback1951,
  author = {Kullback, S. and Leibler, R. A.},
  doi = {10.1214/aoms/1177729694},
  journal = {Ann. Math. Statist.},
  month = {3},
  number = {1},
  pages = {79--86},
  publisher = {The Institute of Mathematical Statistics},
  title = {On Information and Sufficiency},
  url = {https://doi.org/10.1214/aoms/1177729694},
  volume = {22},
  year = {1951}
}

 @inproceedings{dagan1997,
  author = {Dagan, Ido and Lee, Lillian and Pereira, Fernando},
  title = {Similarity-Based Methods for Word Sense Disambiguation},
  year = {1997},
  publisher = {Association for Computational Linguistics},
  address = {USA},
  url = {https://doi.org/10.3115/976909.979625},
  doi = {10.3115/976909.979625},
  booktitle = {Proceedings of the 35th Annual Meeting of the Association for Computational Linguistics and Eighth Conference of the European Chapter of the Association for Computational Linguistics},
  pages = {56--63},
  numpages = {8},
  location = {Madrid, Spain},
  series = {ACL '98/EACL '98}
}

@misc{kaggle_data,
  howpublished = {\url{https://www.kaggle.com/c/m5-forecasting-accuracy/data}}
}
